% Encoding: UTF-8

@article{page1,
author ={作者},
title ={文章名称},
journal ={文章出版杂志},
year ={年份},
volume={卷},
month={月},
number={卷号}
};

@misc{page2,
author = {yxli},
title = {model},
howpublished = {\url{https://github.com/episanty/RB-SFA}}
};

@article{page3,
  author = {Avner Fleischer and Ofer Kfir and Tzvi Diskin and Pavel Sidorenko and Oren Cohen},
  title = {Spin angular momentum and tunable polarization in high-harmonic generation},
  journal = {Nature Photon.},
  volume = {8},
  number = {7},
  pages = {543--549},
  year = {2014},
  doi = {10.1038/nphoton.2014.108},
  eprint = {http://arxiv.org/abs/1310.1206},
  archive = {arXiv:1310.1206},
};

@article{page4,
  title = {Spin conservation in high-order-harmonic generation using bicircular fields},
  author = {Pisanty, Emilio and Sukiasyan, Suren and Ivanov, Misha},
  journal = {Phys. Rev. A},
  volume = {90},
  number = {4},
  pages = {043829},
  numpages = {7},
  year = {2014},
  doi = {10.1103/PhysRevA.90.043829},
  eprint = {http://arxiv.org/abs/1404.6242},
  archive = {{arXiv}:1404.6242},
}
